
@book{mortonpde,
  title={Numerical Solution of Partial Differential Equations: An Introduction},
  author={Morton, K.W. and Mayers, D.F.},
  isbn={9781139443203},
  url={https://books.google.co.in/books?id=GW6\_AwAAQBAJ},
  year={2005},
  publisher={Cambridge University Press}
}