
@book{mortonpde,
  title={Numerical Solution of Partial Differential Equations: An Introduction},
  author={Morton, K.W. and Mayers, D.F.},
  isbn={9781139443203},
  url={https://books.google.co.in/books?id=GW6\_AwAAQBAJ},
  year={2005},
  publisher={Cambridge University Press}
}
@book{thomas2013numerical,
  title={Numerical Partial Differential Equations: Finite Difference Methods},
  author={Thomas, J.W.},
  isbn={9781489972781},
  series={Texts in Applied Mathematics},
  url={https://books.google.co.in/books?id=83v1BwAAQBAJ},
  year={2013},
  publisher={Springer New York}
}
@online{mitocw,
  title={ Computational Methods in Aerospace Engineering},
  author={MIT opencourseware},
  url={http://www.mathematik.tu-dortmund.de/~kuzmin/cfdintro/lecture3.pdf},
}


@online{tudortmundkuzmin2,
  title={Non-Dimensionalisation and an overview of Discretization techniques},
  author={Dmitri Kuzmin, Institute of Applied MathematicsUniversity of Dortmund},
  url={http://www.mathematik.tu-dortmund.de/~kuzmin/cfdintro/lecture3.pdf},
  publisher={Institute of Applied MathematicsUniversity of Dortmund}
}

@online{tudortmundkuzmin,
  title={Introduction to Computational Fluid Dynamics},
  author={Dmitri Kuzmin},
  url={http://www.mathematik.tu-dortmund.de/~kuzmin/cfdintro/lecture1.pdf},
  publisher={Institute of Applied MathematicsUniversity of Dortmund}
}

@online{stanfordlecturenotes,
  title={Convergence, Consistency, and Stability},
  url={https://web.stanford.edu/class/cme306/Discussion/Discussion1.pdf},
  publisher =  {stanford cme306}
  }